@InProceedings{supwsd,
  author    = {Papandrea, Simone  and  Raganato, Alessandro  and  Delli Bovi, Claudio},
  title     = {SupWSD: A Flexible Toolkit for Supervised Word Sense Disambiguation},
  booktitle = {Proceedings of the 2017 Conference on Empirical Methods in Natural Language Processing: System Demonstrations},
  year      = {2017},
  address   = {Copenhagen, Denmark}
}
@InProceedings{wsdeval,
  author	= {Raganato, Alessandro and Camacho-Collados, Jose and Navigli, Roberto},
  title		= {Word Sense Disambiguation: A Unified Evaluation Framework and Empirical Comparison},
  booktitle	= {Proceedings of EACL},
  year		= {2017},
  address 	= {Valencia, Spain}
}
@article{wsd-nlm,
  author    = {Dayu Yuan and
               Ryan Doherty and
               Julian Richardson and
               Colin Evans and
               Eric Altendorf},
  title     = {Word Sense Disambiguation with Neural Language Models},
  journal   = {CoRR},
  volume    = {abs/1603.07012},
  year      = {2016},
  url       = {http://arxiv.org/abs/1603.07012},
  archivePrefix = {arXiv},
  eprint    = {1603.07012},
  timestamp = {Mon, 13 Aug 2018 16:49:13 +0200},
  biburl    = {https://dblp.org/rec/bib/journals/corr/YuanDREA16},
  bibsource = {dblp computer science bibliography, https://dblp.org}
}
@article{bert,
  title={BERT: Pre-training of Deep Bidirectional Transformers for Language Understanding},
  author={Devlin, Jacob and Chang, Ming-Wei and Lee, Kenton and Toutanova, Kristina},
  journal={arXiv preprint arXiv:1810.04805},
  year={2018}
}
@article{attention,
  author    = {Ashish Vaswani and
               Noam Shazeer and
               Niki Parmar and
               Jakob Uszkoreit and
               Llion Jones and
               Aidan N. Gomez and
               Lukasz Kaiser and
               Illia Polosukhin},
  title     = {Attention Is All You Need},
  journal   = {CoRR},
  volume    = {abs/1706.03762},
  year      = {2017},
  url       = {http://arxiv.org/abs/1706.03762},
  archivePrefix = {arXiv},
  eprint    = {1706.03762},
  timestamp = {Mon, 13 Aug 2018 16:48:37 +0200},
  biburl    = {https://dblp.org/rec/bib/journals/corr/VaswaniSPUJGKP17},
  bibsource = {dblp computer science bibliography, https://dblp.org}
}
@article{gpt2,
  title={Language Models are Unsupervised Multitask Learners},
  author={Radford, Alec and Wu, Jeff and Child, Rewon and Luan, David and Amodei, Dario and Sutskever, Ilya},
  year={2019}
}
@misc{pytorch-bert,
  title		= {PyTorch Pretrained BERT: The Big and Extending Repository of pretrained Transformers},
  publisher	= {GitHub},
  journal	= {GitHub repository},
  url		= {http://github.com/huggingface/pytorch-pretrained-BERT},
  year		= {2019}
}
@inproceedings{opennmt,
  author    = {Guillaume Klein and
               Yoon Kim and
               Yuntian Deng and
               Jean Senellart and
               Alexander M. Rush},
  title     = {OpenNMT: Open-Source Toolkit for Neural Machine Translation},
  booktitle = {Proc. ACL},
  year      = {2017},
  url       = {https://doi.org/10.18653/v1/P17-4012},
  doi       = {10.18653/v1/P17-4012}
}